<record><leader>00000cas a22000007a 4500</leader><controlfield tag="001">34980961</controlfield><controlfield tag="008">960624c19869999okuwr n       0    0eng d</controlfield><datafield ind1=" " ind2=" " tag="010"><subfield code="a">sn 96087897 </subfield></datafield><datafield ind1=" " ind2=" " tag="040"><subfield code="a">OBN</subfield><subfield code="b">eng</subfield><subfield code="c">OBN</subfield><subfield code="d">OCLCQ</subfield><subfield code="d">OCLCF</subfield><subfield code="d">OCLCO</subfield></datafield><datafield ind1="1" ind2=" " tag="029"><subfield code="a">AU@</subfield><subfield code="b">000012570649</subfield></datafield><datafield ind1=" " ind2=" " tag="042"><subfield code="a">msc</subfield></datafield><datafield ind1=" " ind2=" " tag="043"><subfield code="a">n-us-ok</subfield></datafield><datafield ind1="0" ind2=" " tag="130"><subfield code="a">Nowata star (Noweta, Okla. : 1986)</subfield></datafield><datafield ind1="1" ind2="4" tag="245"><subfield code="a">The Nowata star.</subfield></datafield><datafield ind1=" " ind2=" " tag="260"><subfield code="a">Nowata, Okla. :</subfield><subfield code="b">Wallace Goodman, Jr.</subfield></datafield><datafield ind1=" " ind2=" " tag="300"><subfield code="a">v.</subfield></datafield><datafield ind1=" " ind2=" " tag="310"><subfield code="a">Weekly</subfield></datafield><datafield ind1="0" ind2=" " tag="362"><subfield code="a">Vol. 77, no. 142 (Nov. 6, 1986)-</subfield></datafield><datafield ind1=" " ind2="0" tag="651"><subfield code="a">Nowata (Okla.)</subfield><subfield code="v">Newspapers.</subfield></datafield><datafield ind1=" " ind2="0" tag="651"><subfield code="a">Nowata County (Okla.)</subfield><subfield code="v">Newspapers.</subfield></datafield><datafield ind1=" " ind2="7" tag="655"><subfield code="a">Newspapers.</subfield><subfield code="2">fast</subfield><subfield code="0">(OCoLC)fst01423814</subfield></datafield><datafield ind1=" " ind2="7" tag="651"><subfield code="a">Oklahoma</subfield><subfield code="z">Nowata.</subfield><subfield code="2">fast</subfield><subfield code="0">(OCoLC)fst01220851</subfield></datafield><datafield ind1=" " ind2="7" tag="651"><subfield code="a">Oklahoma</subfield><subfield code="z">Nowata County.</subfield><subfield code="2">fast</subfield><subfield code="0">(OCoLC)fst01223115</subfield></datafield><datafield ind1=" " ind2=" " tag="752"><subfield code="a">United States</subfield><subfield code="b">Oklahoma</subfield><subfield code="c">Nowata</subfield><subfield code="d">Nowata.</subfield></datafield><datafield ind1="0" ind2="0" tag="780"><subfield code="t">Nowata daily star</subfield><subfield code="w">(DLC)sn 95061149</subfield><subfield code="w">(OCoLC)34104923</subfield></datafield></record>